<?xml version="1.0" encoding="UTF-8"?><collection xmlns="http://www.loc.gov/MARC21/slim"><record><leader>00437nam--2200157-i-4500</leader><controlfield tag="001">000001592</controlfield><controlfield tag="002">20161230</controlfield><controlfield tag="005">20170116000000</controlfield><controlfield tag="008">060222s1000------------r-----000-0-eng-d</controlfield><datafield ind1=" " ind2=" " tag="080"><subfield code="a">620.1:620.179.1(061.1)</subfield></datafield><datafield ind1=" " ind2=" " tag="245"><subfield code="a">Microstructural science. Proceedings</subfield></datafield><datafield ind1=" " ind2=" " tag="260"><subfield code="a">New York</subfield><subfield code="b">American Elsevier Publishing Company, Inc</subfield><subfield code="c">1975</subfield></datafield><datafield ind1=" " ind2=" " tag="300"><subfield code="a">XVIII + 508 p</subfield></datafield><datafield ind1=" " ind2=" " tag="700"><subfield code="a">McCall, James L</subfield></datafield><datafield ind1=" " ind2=" " tag="852"><subfield code="a">46018</subfield></datafield><datafield ind1=" " ind2=" " tag="CAT"><subfield code="a">SYS</subfield><subfield code="c">20170116</subfield><subfield code="h">000000</subfield></datafield></record></collection>